@article{Lamatsch2000,
  doi = {10.1002/(sici)1097-0320(20000201)39:2<91::aid-cyto1>3.0.co;2-4},
  url = {https://doi.org/10.1002/(sici)1097-0320(20000201)39:2<91::aid-cyto1>3.0.co;2-4},
  year  = {2000},
  month = {feb},
  publisher = {Wiley},
  volume = {39},
  number = {2},
  pages = {91--95},
  author = {D.K. Lamatsch and C. Steinlein and M. Schmid and M. Schartl},
  title = {Noninvasive determination of genome size and ploidy level in fishes by flow cytometry: detection of {triploidPoecilia} formosa},
  journal = {Cytometry}
}

@article{MarkWelch1998,
  doi = {10.1023/a:1017007131386},
  url = {https://doi.org/10.1023/a:1017007131386},
  year  = {1998},
  publisher = {Springer Nature},
  volume = {387/387},
  pages = {403--407},
  author = {Jessica L. Mark Welch and Matthew Meselson},
  journal = {Hydrobiologia}
}